<record><leader>00000cas a22000007a 4500</leader><controlfield tag="001">24168485</controlfield><controlfield tag="008">910802d192419uunyuwr ne      0    0eng d</controlfield><datafield ind1=" " ind2=" " tag="010"><subfield code="a">sn 91066363 </subfield></datafield><datafield ind1=" " ind2=" " tag="040"><subfield code="a">NYS</subfield><subfield code="b">eng</subfield><subfield code="c">NYS</subfield><subfield code="d">OCLCQ</subfield></datafield><datafield ind1=" " ind2=" " tag="042"><subfield code="a">msc</subfield></datafield><datafield ind1="0" ind2=" " tag="130"><subfield code="a">Our town (Montour Falls, N.Y.)</subfield></datafield><datafield ind1="1" ind2="0" tag="245"><subfield code="a">Our town.</subfield></datafield><datafield ind1=" " ind2=" " tag="260"><subfield code="a">Montour Falls, N.Y. :</subfield><subfield code="b">Troop 1, Boy Scouts of America</subfield></datafield><datafield ind1=" " ind2=" " tag="300"><subfield code="a">v. ;</subfield><subfield code="c">28-44 cm.</subfield></datafield><datafield ind1=" " ind2=" " tag="310"><subfield code="a">Weekly</subfield></datafield><datafield ind1="0" ind2=" " tag="362"><subfield code="a">Vol. 1, no. 1 (Dec. 12, 1924)-</subfield></datafield><datafield ind1=" " ind2=" " tag="500"><subfield code="a">" ... in the Village interests."</subfield></datafield><datafield ind1=" " ind2="4" tag="651"><subfield code="a">Montour Falls (N.Y.)</subfield><subfield code="v">Newspapers.</subfield></datafield><datafield ind1=" " ind2=" " tag="752"><subfield code="a">United States</subfield><subfield code="b">New York</subfield><subfield code="c">Schuyler</subfield><subfield code="d">Montour Falls.</subfield></datafield><datafield ind1="1" ind2=" " tag="029"><subfield code="a">AU@</subfield><subfield code="b">000025907208</subfield></datafield></record>